<record><leader>00000cas a22000007a 4500</leader><controlfield tag="001">13233180</controlfield><controlfield tag="008">860304d18731875njuwr ne      0    0eng d</controlfield><datafield ind1=" " ind2=" " tag="010"><subfield code="a">sn 85035847 </subfield></datafield><datafield ind1=" " ind2=" " tag="040"><subfield code="a">NPA</subfield><subfield code="b">eng</subfield><subfield code="c">NPA</subfield><subfield code="d">NJW</subfield><subfield code="d">OCLCQ</subfield></datafield><datafield ind1=" " ind2=" " tag="042"><subfield code="a">msc</subfield></datafield><datafield ind1="0" ind2="4" tag="245"><subfield code="a">The Saturday gazette.</subfield></datafield><datafield ind1=" " ind2=" " tag="260"><subfield code="a">Bloomfield and Montclair, N.J. :</subfield><subfield code="b">William P. Lyon,</subfield><subfield code="c">1873-</subfield></datafield><datafield ind1=" " ind2=" " tag="300"><subfield code="a">v. :</subfield><subfield code="b">ill. (chiefly advertisements) ;</subfield><subfield code="c">61 cm.</subfield></datafield><datafield ind1=" " ind2=" " tag="310"><subfield code="a">Weekly</subfield></datafield><datafield ind1="0" ind2=" " tag="362"><subfield code="a">Vol. 2, no. 1 (Feb. 22, 1873)-</subfield></datafield><datafield ind1="1" ind2=" " tag="362"><subfield code="a">Ceased with Oct. 16, 1875 issue.</subfield></datafield><datafield ind1=" " ind2=" " tag="752"><subfield code="a">United States</subfield><subfield code="b">New Jersey</subfield><subfield code="c">Essex</subfield><subfield code="d">Bloomfield.</subfield></datafield><datafield ind1=" " ind2=" " tag="752"><subfield code="a">United States</subfield><subfield code="b">New Jersey</subfield><subfield code="c">Essex</subfield><subfield code="d">Montclair.</subfield></datafield><datafield ind1="0" ind2="0" tag="780"><subfield code="t">Bloomfield gazette</subfield><subfield code="w">(DLC)sn 87068033</subfield><subfield code="w">(OCoLC)16157020</subfield></datafield><datafield ind1="0" ind2="7" tag="785"><subfield code="t">Arlington journal (Kearny, N.J.)</subfield><subfield code="w">(DLC)sn 84038674</subfield><subfield code="w">(OCoLC)11434530</subfield></datafield><datafield ind1="0" ind2="7" tag="785"><subfield code="t">Arlington journal and Saturday gazette</subfield><subfield code="w">(DLC)sn 88071149</subfield></datafield></record>